% references.bib

% ====Publishers

@string{aw    = "Addison-Wesley"}			% Reading
@string{ap    = "Academic Press"}			% New York
@string{cips  = "Canadian Information Processing Society"}
@string{cup   = "Cambridge University Press"}
@string{dover = "Dover Publications"}
@string{dp    = "Digital Press"}
@string{hal   = "Halsted Press, John Wiley \& Sons"}	% New York
@string{hay   = "Hayden Book Company, Inc."}		% New Jersey
@string{ieecs = "IEEE Computer Society Press"}
@string{ind   = "Industrial Press Inc."}		% New York
@string{maci  = "MacMillan India LTD"}
@string{mgh   = "McGraw-Hill"}			% New York
@string{mkp   = "Morgan Kaufmann Publishers, Inc."}
@string{mitp  = "MIT Press"}			% Cambridge
@string{oup   = "Oxford University Press"}
@string{ph    = "Prentice-Hall Publishing Company"}
@string{pp    = "Pergamon Press"}
@string{ptp   = "Pentech Press"}
@string{sv    = "Springer-Verlag"}
@string{ui    = "University of Illinois Press"}
@string{vnr   = "Van Nostrand Reinhold"}
@string{wad   = "Wadsworth \& Brooks, Inc."}
@string{whf   = "W. H. Freeman, Inc."}
@string{wil   = "John Wiley \& Sons, Inc."}
@string{wwn   = "W.W. Norton \& Company"}

% ====Journals

@string{acmtog   = "ACM Transactions on Graphics"}
@string{cacm     = "Communications of the ACM"}
@string{cad      = "Computer-Aided Design"}
@string{cag      = "Computers and Graphics"}
@string{cg       = "Computer Graphics"}
@string{cgf      = "Computer Graphics Forum"}
@string{cvgip    = "Computer Vision Graphics and Image Processing"}
@string{ieeep    = "Proc.~ the IEEE" }
@string{ieeeassp = "IEEE Transactions on Acoustics, Speech, and Signal Processing"}
@string{ieeeit   = "IEEE Transactions on Information Theory"}
@string{ieeetoc  = "IEEE Transactions on Computers"}
@string{ieeecga  = "IEEE Computer Graphics and Applications" }
@string{ivc      = "Image and Vision Computing"}
@string{jacm     = "Journal of the ACM"}
@string{cgprds   = "Proc. Conf. on Computer Graphics, Pattern Recognition, Data Structure"}
@string{cvgip1   = "CVGIP: Graphics Models and Image Processing"}
@string{vc       = "The Visual Computer"}
@string{pres     = "Presence"}

% ====Siggraph

@string{sig75 = "Computer Graphics (SIGGRAPH '75 Proceedings)"}
@string{sig76 = "Computer Graphics (SIGGRAPH '76 Proceedings)"}
@string{sig77 = "Computer Graphics (SIGGRAPH '77 Proceedings)"}
@string{sig78 = "Computer Graphics (SIGGRAPH '78 Proceedings)"}
@string{sig79 = "Computer Graphics (SIGGRAPH '79 Proceedings)"}
@string{sig80 = "Computer Graphics (SIGGRAPH '80 Proceedings)"}
@string{sig81 = "Computer Graphics (SIGGRAPH '81 Proceedings)"}
@string{sig82 = "Computer Graphics (SIGGRAPH '82 Proceedings)"}
@string{sig83 = "Computer Graphics (SIGGRAPH '83 Proceedings)"}
@string{sig84 = "Computer Graphics (SIGGRAPH '84 Proceedings)"}
@string{sig85 = "Computer Graphics (SIGGRAPH '85 Proceedings)"}
@string{sig86 = "Computer Graphics (SIGGRAPH '86 Proceedings)"}
@string{sig87 = "Computer Graphics (SIGGRAPH '87 Proceedings)"}
@string{sig88 = "Computer Graphics (SIGGRAPH '88 Proceedings)"}
@string{sig89 = "Computer Graphics (SIGGRAPH '89 Proceedings)"}
@string{sig90 = "Computer Graphics (SIGGRAPH '90 Proceedings)"}
@string{sig91 = "Computer Graphics (SIGGRAPH '91 Proceedings)"}
@string{sig92 = "Computer Graphics (SIGGRAPH '92 Proceedings)"}
@string{sig93 = "Computer Graphics (SIGGRAPH '93 Proceedings)"}
@string{sig94 = "Computer Graphics (SIGGRAPH '94 Proceedings)"}

@string{sigi3d86 = "Computer Graphics (1986 Symposium on Interactive 3D Graphics)"}
@string{sigi3d90 = "Computer Graphics (1990 Symposium on Interactive 3D Graphics)"}
@string{sigi3d92 = "Computer Graphics (1992 Symposium on Interactive 3D Graphics)"}

% ====Eurographics

@string{eg85 = "Eurographics '85"}
@string{eg86 = "Eurographics '86"}
@string{eg87 = "Eurographics '87"}
@string{eg88 = "Eurographics '88"}
@string{eg89 = "Eurographics '89"}
@string{eg90 = "Eurographics '90"}
@string{eg91 = "Eurographics '91"}
@string{eg92 = "Eurographics '92"}
@string{eg93 = "Eurographics '93"}
@string{eg94 = "Eurographics '94"}

% ====Eurographics Workshop on Animation and Simulation

@string{egwas90 = "First Eurographics Workshop on Animation and Simulation"}
@string{egwas91 = "Second Eurographics Workshop on Animation and Simulation"}
@string{egwas92 = "Third Eurographics Workshop on Animation and Simulation"}
@string{egwas93 = "Fourth Eurographics Workshop on Animation and Simulation"}
@string{egwas94 = "Fifth Eurographics Workshop on Animation and Simulation"}

% ====Eurographics Workshop on Rendering

@string{egwr90 = "First Eurographics Workshop on Rendering"}
@string{egwr91 = "Second Eurographics Workshop on Rendering"}
@string{egwr92 = "Third Eurographics Workshop on Rendering"}
@string{egwr93 = "Fourth Eurographics Workshop on Rendering"}
@string{egwr94 = "Fifth Eurographics Workshop on Rendering"}

% ====Graphics Interface

@string{gi83 = "Proc.~ Graphics Interface '83"}
@string{gi84 = "Proc.~ Graphics Interface '84"}
@string{gi85 = "Proc.~ Graphics Interface '85"}
@string{gi86 = "Proc.~ Graphics Interface '86"}
@string{gi87 = "Proc.~ Graphics Interface '87"}
@string{gi88 = "Proc.~ Graphics Interface '88"}
@string{gi89 = "Proc.~ Graphics Interface '89"}
@string{gi90 = "Proc.~ Graphics Interface '90"}
@string{gi91 = "Proc.~ Graphics Interface '91"}
@string{gi92 = "Proc.~ Graphics Interface '92"}
@string{gi93 = "Proc.~ Graphics Interface '93"}
@string{gi94 = "Proc.~ Graphics Interface '94"}

% ====Miscellaneous

%% journal names
@string{CACM = "Communications of the {ACM}"}
@string{UCB  = "UC Berkeley"}

%% publishers
@string{ap   = "Academic Press"}		% New York

%% crazy names
@STRING( Bezier	    = " B{\hspace{-0.04em}\'e}zier " )
@STRING( Geza	    = " G{\'e}za " )
@STRING( Grunbaum   = " Gr{\"{u}}nbaum " )
@STRING( Guting	    = " G{\"u}ting " )
@STRING( Janos	    = " J{\'a}nos " )
@STRING( Jiri	    = " Ji{\v{r}}{\'i} " )
@STRING( Matousek   = " Matou{\v{s}}ek " )
@STRING( Naher	    = " N{\"a}her " )
@STRING( ODunlaing  = " \'O'D{\'u}nlaing " )
@STRING( Plucker    = " Pl{\"u}cker " )
@STRING( Rene	    = " Ren{\'e} " )
@STRING( Schroder   = " Schr{\hspace{-0.04em}\"o}der " )
@STRING( Sequin	    = " S{\hspace{-0.04em}\'e}quin " )
@STRING( SFPT	    = " Soci{\'e}t{\'e} Fran{\c{c}}aise de Photogramm{\'e}trie et de T{\'e}l{\'e}d{\'e}tection " )

% ======================================================================

%% bibtex rules:
%% 1) must quote accented characters as {\'e}, etc
%% 2) BUT if accent is \v, must inner quote as {\v{s}}
%% 3) cannot curly-brace macros, i.e., don't use {\Guting}
%% 4) to preserve case, use "Paper name {FOO}"

@book{foo,
    author = "foo",
    title = "foo",
    year = 1985,
    publisher = "{MIT Press}",
    comments = ""}

@book{bar,
    author = "bar",
    title = "bar",
    year = 1985,
    publisher = "{MIT Press}",
    comments = ""}

